@misc{CAISO,
  url = {http://www.caiso.com/about/Pages/default.aspx},
  institution = {California ISO},
  year = {2022}
}

@misc{IEA,
  year={2022},
  title={Grid-Scale Storage},
  institution={IEA},
  license={CC BY 4.0},
  url = {https://www.iea.org/reports/grid-scale-storage}
}

@misc{Gridstatus,
  author  = {James Max Kanter},
  title   = {gridstatus 0.19.0},
  url = {https://docs.gridstatus.io/en/latest/}
}

@article{Colthorpe,
  author  = {Andy Colthorpe},
  title   = {California utility PG\&E proposes 1.6GW\/6.4GWh of new battery storage across nine projects},
  year = {2022},
  month = {5},
  journal = {Energy Storage News},
  url = {https://www.energy-storage.news/california-utility-pge-proposes-1-6gw-6-4gwh-of-new-battery-storage-across-nine-projects/}
}

@misc{CAISO_trade,
title={Market Redesign \& Technology Upgrade (MRTU) Project CAISO Proposal},
url = {https://www.caiso.com/Documents/N-5-AppendixA-October26_2005-October19_2005TradingHubWhitePaper.pdf},
year = {2005},
month = {10},
institution = {California ISO}

}

@article{Wang,
  author    = {Hao Wang and
               Baosen Zhang},
  title     = {Energy Storage Arbitrage in Real-Time Markets Via Reinforcement Learning},
  journal   = {CoRR},
  volume    = {abs/1711.03127},
  year      = {2017},
  url       = {http://arxiv.org/abs/1711.03127},
  eprinttype = {arXiv},
  eprint    = {1711.03127},
  timestamp = {Tue, 24 Sep 2019 17:13:18 +0200},
  biburl    = {https://dblp.org/rec/journals/corr/abs-1711-03127.bib},
  bibsource = {dblp computer science bibliography, https://dblp.org}
}

@book{boyd,
  title={Convex optimization},
  author={Boyd, Stephen and Vandenberghe, Lieven},
  year={2004},
  publisher={Cambridge university press}
}

@book{kochenderfer,
  title={Algorithms for Decision Making},
  author={Kochenderfer, M.J. and Wheeler, T.A. and Wray, K.H.},
  isbn={9780262370233},
  url={https://books.google.com/books?id=zKtaEAAAQBAJ},
  year={2022},
  publisher={MIT Press}
}
